@article{Limaye1986,
  doi = {10.1016/0019-1035(86)90142-9},
  url = {https://doi.org/10.1016/0019-1035(86)90142-9},
  year = {1986},
  month = feb,
  publisher = {Elsevier {BV}},
  volume = {65},
  number = {2-3},
  pages = {335--352},
  author = {Sanjay S. Limaye},
  title = {Jupiter: New estimates of the mean zonal flow at the cloud level},
  journal = {Icarus}
}

@article{Porco2003,
  doi = {10.1126/science.1079462},
  url = {https://doi.org/10.1126/science.1079462},
  year = {2003},
  month = mar,
  publisher = {American Association for the Advancement of Science ({AAAS})},
  volume = {299},
  number = {5612},
  pages = {1541--1547},
  author = {C. C. Porco},
  title = {Cassini Imaging of Jupiter's Atmosphere,  Satellites,  and Rings},
  journal = {Science}
}

@article{Cho1996,
  doi = {10.1063/1.868929},
  url = {https://doi.org/10.1063/1.868929},
  year = {1996},
  month = jun,
  publisher = {{AIP} Publishing},
  volume = {8},
  number = {6},
  pages = {1531--1552},
  author = {James Y-K. Cho and Lorenzo M. Polvani},
  title = {The emergence of jets and vortices in freely evolving,  shallow-water turbulence on a sphere},
  journal = {Physics of Fluids}
}

@article{Gierasch2000,
  doi = {10.1038/35001017},
  url = {https://doi.org/10.1038/35001017},
  year = {2000},
  month = feb,
  publisher = {Springer Science and Business Media {LLC}},
  volume = {403},
  number = {6770},
  pages = {628--630},
  author = {P. J. Gierasch and A. P. Ingersoll and D. Banfield and S. P. Ewald and P. Helfenstein and A. Simon-Miller and A. Vasavada and H. H. Breneman and D. A. Senske and  Galileo Imaging Team},
  title = {Observation of moist convection in Jupiter's atmosphere},
  journal = {Nature}
}

@article{Ingersoll2000,
  doi = {10.1038/35001021},
  url = {https://doi.org/10.1038/35001021},
  year = {2000},
  month = feb,
  publisher = {Springer Science and Business Media {LLC}},
  volume = {403},
  number = {6770},
  pages = {630--632},
  author = {A. P. Ingersoll and P. J. Gierasch and D. Banfield and A. R. Vasavada and  Galileo Imaging Team},
  title = {Moist convection as an energy source for the large-scale motions in Jupiter's atmosphere},
  journal = {Nature}
}

@techreport{Jakob1993,
  doi = {10.5065/D60C4SRM},
  url = {http://opensky.ucar.edu/islandora/object/technotes:155},
  author = {Jakob,  Ruediger and Hack,  James and Williamson,  David},
  keywords = {Shallow water equations,  Spectral transform method},
  language = {en},
  title = {Solutions to the Shallow Water Test Set Using the Spectral Transform Method},
  publisher = {UCAR/NCAR},
  year = {1993}
}

@misc{TakehiroWilliamson,
  author = {Takehiro, S},
  title = {球面浅水方程式モデル:渦度発散型},
  year = {2004},
  url = {https://www.gfd-dennou.org/library/numexp/spshallow-zd_bench/pub/spshallow-zd.pdf},
}

@misc{OdakaWilliamson,
  author = {Odaka, M},
  title = {SPMODEL 球面浅水モデルを用いた Williamson et al. (1992) のテスト},
  year = {2005},
  url = {http://www.gfd-dennou.org/library/numexp/spshallow-zd_bench/exp/},
}

@article{Williamson1992,
  doi = {10.1016/s0021-9991(05)80016-6},
  url = {https://doi.org/10.1016/s0021-9991(05)80016-6},
  year = {1992},
  month = sep,
  publisher = {Elsevier {BV}},
  volume = {102},
  number = {1},
  pages = {211--224},
  author = {David L. Williamson and John B. Drake and James J. Hack and R\"{u}diger Jakob and Paul N. Swarztrauber},
  title = {A standard test set for numerical approximations to the shallow water equations in spherical geometry},
  journal = {Journal of Computational Physics}
}

@book{Vallis2017,
  doi = {10.1017/9781107588417},
  url = {https://doi.org/10.1017/9781107588417},
  year = {2017},
  publisher = {Cambridge University Press},
  author = {Geoffrey K. Vallis},
  title = {Atmospheric and Oceanic Fluid Dynamics}
}


@article{Porco2005,
  doi = {10.1126/science.1107691},
  url = {https://doi.org/10.1126/science.1107691},
  year = {2005},
  month = feb,
  publisher = {American Association for the Advancement of Science ({AAAS})},
  volume = {307},
  number = {5713},
  pages = {1243--1247},
  author = {C. C. Porco},
  title = {Cassini Imaging Science: Initial Results on Saturn's Atmosphere},
  journal = {Science}
}

@article{Yoden1993,
  doi = {10.1175/1520-0469(1993)050<0631:aneotd>2.0.co;2},
  url = {https://doi.org/10.1175/1520-0469(1993)050<0631:aneotd>2.0.co;2},
  year = {1993},
  month = feb,
  publisher = {American Meteorological Society},
  volume = {50},
  number = {4},
  pages = {631--644},
  author = {Shigeo Yoden and Michio Yamada},
  title = {A Numerical Experiment on Two-Dimensional Decaying Turbulence on a Rotating Sphere},
  journal = {Journal of the Atmospheric Sciences}
}

@article{Scott2007,
  doi = {10.1175/jas4003.1},
  url = {https://doi.org/10.1175/jas4003.1},
  year = {2007},
  month = sep,
  publisher = {American Meteorological Society},
  volume = {64},
  number = {9},
  pages = {3158--3176},
  author = {R. K. Scott and L. M. Polvani},
  title = {Forced-Dissipative Shallow-Water Turbulence on the Sphere and the Atmospheric Circulation of the Giant Planets},
  journal = {Journal of the Atmospheric Sciences}
}

@article{CHRISTENSEN2002,
  doi = {10.1017/s0022112002002008},
  url = {https://doi.org/10.1017/s0022112002002008},
  year = {2002},
  month = oct,
  publisher = {Cambridge University Press ({CUP})},
  volume = {470},
  pages = {115--133},
  author = {U. R. Christensen},
  title = {Zonal flow driven by strongly supercritical
		convection in rotating spherical shells},
  journal = {Journal of Fluid Mechanics}
}

@article{Showman2007,
  doi = {10.1175/jas4007.1},
  url = {https://doi.org/10.1175/jas4007.1},
  year = {2007},
  month = sep,
  publisher = {American Meteorological Society},
  volume = {64},
  number = {9},
  pages = {3132--3157},
  author = {Adam P. Showman},
  title = {Numerical Simulations of Forced Shallow-Water Turbulence: Effects of Moist Convection on the Large-Scale Circulation of Jupiter and Saturn},
  journal = {Journal of the Atmospheric Sciences}
}

@article{Brueshaber2019,
  doi = {10.1016/j.icarus.2019.02.001},
  url = {https://doi.org/10.1016/j.icarus.2019.02.001},
  year = {2019},
  month = may,
  publisher = {Elsevier {BV}},
  volume = {323},
  pages = {46--61},
  author = {Shawn R. Brueshaber and Kunio M. Sayanagi and Timothy E. Dowling},
  title = {Dynamical regimes of giant planet polar vortices},
  journal = {Icarus}
}

@article{Antuano2015,
  doi = {10.1002/2014je004709},
  url = {https://doi.org/10.1002/2014je004709},
  year = {2015},
  month = feb,
  publisher = {American Geophysical Union ({AGU})},
  volume = {120},
  number = {2},
  pages = {155--176},
  author = {A. Antu{\~{n}}ano and T. del R{\'{\i}}o-Gaztelurrutia and A. S{\'{a}}nchez-Lavega and R. Hueso},
  title = {Dynamics of Saturn's polar regions},
  journal = {Journal of Geophysical Research: Planets}
}

@article{Adriani2018,
  doi = {10.1038/nature25491},
  url = {https://doi.org/10.1038/nature25491},
  year = {2018},
  month = mar,
  publisher = {Springer Science and Business Media {LLC}},
  volume = {555},
  number = {7695},
  pages = {216--219},
  author = {A. Adriani and A. Mura and G. Orton and C. Hansen and F. Altieri and M. L. Moriconi and J. Rogers and G. Eichst\"{a}dt and T. Momary and A. P. Ingersoll and G. Filacchione and G. Sindoni and F. Tabataba-Vakili and B. M. Dinelli and F. Fabiano and S. J. Bolton and J. E. P. Connerney and S. K. Atreya and J. I. Lunine and F. Tosi and A. Migliorini and D. Grassi and G. Piccioni and R. Noschese and A. Cicchetti and C. Plainaki and A. Olivieri and M. E. O'Neill and D. Turrini and S. Stefani and R. Sordini and M. Amoroso},
  title = {Clusters of cyclones encircling Jupiter's poles},
  journal = {Nature}
}

@misc{showman2009atmospheric,
      title={Atmospheric Circulation of Exoplanets},
      author={Adam P. Showman and James Y-K. Cho and Kristen Menou},
      year={2009},
      eprint={0911.3170},
      archivePrefix={arXiv},
      primaryClass={astro-ph.EP}
}

@misc{spmodel2006,
  title={SPMODEL: A Series of Hierarchical Spectral Models for Geophyiscal Fluid Dynamics},
  author={Takehiro, S. and Odaka, M. and Ishioka, K. and Ishiwatari, M. and Hayashi, Y.-Y.},
  journal={Nagare Multimedia 2006},
  year={2006},
  howpublished={\url{http://www.nagare.or.jp/mm/2006/spmodel/}}
}

@misc{spmodel2013,
  title={Hierarchical Spectral Models for GFD (SPMODEL)},
  author={Takehiro, S. and SASAKI, Y. and Ishioka, K. and Odaka, M. and Takahashi, Y. O. and Nakajima, K. and Ishiwatari, M. and Hayashi, Y.-Y. and SPMODEL Development Group},
  year={2013},
  institution={GFD Dennou Club},
  howpublished={\url{http://www.gfd-dennou.org/library/spmodel/}}
}
